<collection><record><leader>01092cam a2200337Wi 4500</leader><controlfield tag="001">ocm02099200</controlfield><controlfield tag="008">760318s1975    pau           000 0 eng  </controlfield><datafield ind1=" " ind2=" " tag="010"><subfield code="a">75011167</subfield></datafield><datafield ind1=" " ind2=" " tag="020"><subfield code="a">081227699X :</subfield><subfield code="c">$15.00</subfield></datafield><datafield ind1=" " ind2=" " tag="020"><subfield code="a">0812210859 (pbk)</subfield></datafield><datafield ind1=" " ind2=" " tag="040"><subfield code="a">DLC</subfield><subfield code="c">DLC</subfield><subfield code="d">IOG</subfield><subfield code="d">WaOLN</subfield><subfield code="d">UtOrBLW</subfield></datafield><datafield ind1="1" ind2=" " tag="041"><subfield code="a">und</subfield></datafield><datafield ind1=" " ind2=" " tag="043"><subfield code="a">e-uk-en</subfield></datafield><datafield ind1=" " ind2=" " tag="049"><subfield code="a">IOGA</subfield></datafield><datafield ind1="0" ind2=" " tag="050"><subfield code="a">PR2015</subfield><subfield code="b">.W6</subfield></datafield><datafield ind1=" " ind2=" " tag="082"><subfield code="a">821/.1</subfield></datafield><datafield ind1=" " ind2=" " tag="090"><subfield code="a">PR2015</subfield><subfield code="b">.W6</subfield></datafield><datafield ind1=" " ind2=" " tag="090"><subfield code="a">PR2015</subfield><subfield code="b">.W6</subfield><subfield code="m">IOGA</subfield><subfield code="i">35030000907903</subfield></datafield><datafield ind1="0" ind2="4" tag="245"><subfield code="a">The world of Piers Plowman /</subfield><subfield code="c">edited and translated by Jeanne Krochalis &amp; Edward Peters.</subfield></datafield><datafield ind1=" " ind2=" " tag="260"><subfield code="a">[Philadelphia] :</subfield><subfield code="b">University of Pennsylvania Press,</subfield><subfield code="c">1975.</subfield></datafield><datafield ind1=" " ind2=" " tag="300"><subfield code="a">xxi, 265 p. ;</subfield><subfield code="c">21 cm.</subfield></datafield><datafield ind1="1" ind2=" " tag="490"><subfield code="a">The Middle Ages.</subfield></datafield><datafield ind1="1" ind2="0" tag="600"><subfield code="a">Langland, William,</subfield><subfield code="d">1330?-1400?</subfield><subfield code="t">Piers Plowman.</subfield></datafield><datafield ind1=" " ind2="0" tag="650"><subfield code="a">English literature</subfield><subfield code="y">Middle English, 1100-1500.</subfield></datafield><datafield ind1=" " ind2="0" tag="651"><subfield code="a">England</subfield><subfield code="x">Social life and customs</subfield><subfield code="y">1066-1485.</subfield></datafield><datafield ind1="1" ind2=" " tag="700"><subfield code="a">Krochalis, Jeanne.</subfield></datafield><datafield ind1="1" ind2=" " tag="700"><subfield code="a">Peters, Edward H.</subfield></datafield><datafield ind1=" " ind2="0" tag="830"><subfield code="a">Middle Ages.</subfield></datafield><datafield ind1=" " ind2=" " tag="907"><subfield code="a">.b1090783x</subfield><subfield code="b">06-16-09</subfield><subfield code="c">09-02-89</subfield></datafield><datafield ind1=" " ind2=" " tag="998"><subfield code="a">3rd</subfield><subfield code="b">08-01-89</subfield><subfield code="c">m</subfield><subfield code="d">a</subfield><subfield code="e">-</subfield><subfield code="f">eng</subfield><subfield code="g">pau</subfield><subfield code="h">0</subfield><subfield code="i">0</subfield></datafield><datafield ind1="e" ind2="b" tag="947" /></record>
</collection>